@book{ahds,
  author = {M Wynne},
 	year = {2005},
	title = {Developing Linguistic Corpora: a Guide to Good Practice},
	publisher = {Oxbow Books},
	note = {Online erhältlich unter: http://ahds.ac.uk/linguistic-corpora/}}

@manual{eci,
	author = {{European Language Resources Association}},
	title = {Catalog Reference: W0004},
	year = {2008},
	URL = {http://catalog.elra.info}}

@article{tmmanual,
	author = {I Feinerer and K Hornik and D Meyer},
	journal = {Journal of Statistical Software},
	title = {Text Mining Infrastructure in \uppercase{R}},
	year = {2008},
	volume = {25},
	number = {5},
	URL = {http://www.jstatsoft.org/v25/i05}}
	
@manual{gutenberg,
	author = {Project Gutenberg},
	title = {About Project Gutenberg},
	year = {2008},
	URL = {http://www.gutenberg.org}}

@misc{silwebiso,
  author = {SIL-International},
  year = {2008},
  title = {Relationship between \uppercase{ISO} 639-3  and the other parts of \uppercase{ISO} 639},
  note = {Firmenwebsite des 'Summer Institute of Linguistics', Stand 8. April 2008},
	URL = {http://www.sil.org/iso639-3/relationship.asp}}

@misc{tm,
  author = {I Feinerer},
  year = {2008},
  title = {tm},
  note = {R package Version 0.3-1},
	URL = {http://cran.r-project.org/}}

@misc{silwebmacro,
  author = {SIL-International},
  year = {2008},
  title = {Scope of denotation for language identifiers},
  note = {Firmenwebsite, Stand 8. April 2008},
	URL = {http://www.sil.org/iso639-3/scope.asp#I}}
